% actual bibliography

@online{antlrabout,
  title   = {About The ANTLR Parser Generator},
  author  = {Parr, Terence},
  url     = {https://www.antlr.org/about.html},
  urldate = {2023-02-25},
  year    = {2023},
  langid  = {english}
}

% @article{liddell2019analyzing,
%   title   = {Analyzing the adoption rate of local variable type inference in open-source java 10 projects},
%   author  = {Liddell, Clayton and Kim, Donghoon},
%   journal = {Journal of the Arkansas Academy of Science},
%   volume  = {73},
%   number  = {1},
%   pages   = {51--54},
%   year    = {2019},
%   langid  = {english}
% }

@online{antlrMegaTutorial,
  title   = {The ANTLR Mega Tutorial},
  author  = {Tomassetti, Gabriele},
  url     = {https://tomassetti.me/antlr-mega-tutorial/},
  year    = {2021},
  urldate = {2023-01-18},
  langid  = {english}
}

@online{antlrtargets,
  title   = {Runtime Library and Code Generation Targets},
  author  = {Parr, Terence and Vergnaud, Eric and von Gager, Martin and Passos, Marcos},
  url     = {https://github.com/antlr/antlr4/blob/master/doc/targets.md},
  year    = {2022},
  urldate = {2023-05-20},
  langid  = {english}
}

@online{antlrWebsite,
  title   = {ANTLR},
  author  = {Parr, Terence},
  url     = {https://www.antlr.org/},
  date    = {2023-02-25},
  urldate = {2023-02-25},
  langid  = {english}
}

@article{bruneton2002asm,
  title   = {ASM: a code manipulation tool to implement adaptable systems},
  author  = {Bruneton, Eric and Lenglet, Romain and Coupaye, Thierry},
  journal = {Adaptable and extensible component systems},
  volume  = {30},
  number  = {19},
  year    = {2002}
}

@online{enkelTutorial,
  title   = {Creating JVM language - Enkel},
  author  = {Dziworski, Jakub},
  url     = {http://jakubdziworski.github.io/enkel/2016/03/10/enkel_first.html},
  urldate = {2022-07-18},
  langid  = {english}
}

@online{hadoophive,
  title   = {Grammatik-Definition f√ºr HPLSQL},
  author  = {Gates, Alan and Dai, Daniel and Magyar, Attila},
  url     = {https://github.com/apache/hive/blob/master/hplsql/src/main/antlr4/org/apache/hive/hplsql/Hplsql.g4},
  urldate = {2023-05-20},
  langid  = {english}
}

@manual{jvmhotspot,
  title   = {HotSpot Runtime Overview},
  author  = {Oracle},
  url     = {https://openjdk.org/groups/hotspot/docs/RuntimeOverview.html},
  urldate = {2023-05-20},
  langid  = {english}
}

@online{kotlindocs,
  title   = {Kotlin Documentation},
  url     = {https://kotlinlang.org/docs/home.html},
  author  = {JetBrains},
  urldate = {2023-05-10},
  langid  = {english}
}

@online{kotlinfirst,
  title   = {Android's Kotlin-first approach},
  author  = {Google},
  url     = {https://developer.android.com/kotlin/first},
  year    = {2019},
  urldate = {2023-05-10},
  langid  = {english}
}

@manual{lindholm2016java,
  title  = {The Java virtual machine specification: Java SE 8 edition},
  author = {Lindholm, Tim and Yellin, Frank and Bracha, Gilad and Buckley, Alex},
  year   = {2016},
  langid = {english}
}

@book{martin2009clean,
  title     = {Clean code: a handbook of agile software craftsmanship},
  author    = {Martin, Robert C},
  year      = {2009},
  publisher = {Pearson Education},
  langid    = {english}
}

@article{parr2014adaptive,
  title     = {Adaptive LL (*) parsing: the power of dynamic analysis},
  author    = {Parr, Terence and Harwell, Sam and Fisher, Kathleen},
  journal   = {ACM SIGPLAN Notices},
  volume    = {49},
  number    = {10},
  pages     = {579--598},
  year      = {2014},
  publisher = {ACM New York, NY, USA},
  langid    = {english}
}